<?xml version="1.0" encoding="UTF-8"?><collection xmlns="http://www.loc.gov/MARC21/slim"><record><leader>00307nam--2200121-i-4500</leader><controlfield tag="001">000033007</controlfield><controlfield tag="002">20161230</controlfield><controlfield tag="005">20161230201039</controlfield><controlfield tag="008">060222s1000------------r-----000-0-eng-d</controlfield><datafield ind1=" " ind2=" " tag="100"><subfield code="a">Mees, Kenneth C.E</subfield></datafield><datafield ind1=" " ind2=" " tag="245"><subfield code="a">The theory of photografhic process</subfield></datafield><datafield ind1=" " ind2=" " tag="260"><subfield code="a">New York, Mac Milla, 1948. Xi+1124p</subfield></datafield><datafield ind1=" " ind2=" " tag="852"><subfield code="a">2653</subfield></datafield></record></collection>